[gd_scene load_steps=9 format=2]

[ext_resource path="res://enemies/zombie/zombie.gd" type="Script" id=1]
[ext_resource path="res://enemies/zombie/zombie.png" type="Texture" id=2]
[ext_resource path="res://enemies/basic/BasicEnemy.tscn" type="PackedScene" id=3]
[ext_resource path="res://enemies/zombie/Sensing.gd" type="Script" id=8]
[ext_resource path="res://enemies/zombie/ZombieAI.tscn" type="PackedScene" id=10]

[sub_resource type="CanvasItemMaterial" id=2]

[sub_resource type="RectangleShape2D" id=3]
extents = Vector2( 14.5, 7.00001 )

[sub_resource type="CapsuleShape2D" id=1]
radius = 12.0
height = 34.0

[node name="Zombie" instance=ExtResource( 3 )]
script = ExtResource( 1 )

[node name="ZombieAI" parent="." index="0" instance=ExtResource( 10 )]
nav_agent_ = NodePath("../NavigationAgent2D")
attack_hitbox_ = NodePath("../Zombie/HitboxArea")

[node name="Sensing" type="Node2D" parent="." index="1"]
script = ExtResource( 8 )

[node name="0" type="RayCast2D" parent="Sensing" index="0"]
position = Vector2( 0, 1 )
enabled = true

[node name="1" type="RayCast2D" parent="Sensing" index="1"]
enabled = true
cast_to = Vector2( 35, 35 )

[node name="2" type="RayCast2D" parent="Sensing" index="2"]
enabled = true
cast_to = Vector2( 50, 0 )

[node name="3" type="RayCast2D" parent="Sensing" index="3"]
enabled = true
cast_to = Vector2( 35, -35 )

[node name="4" type="RayCast2D" parent="Sensing" index="4"]
enabled = true
cast_to = Vector2( 0, -50 )

[node name="5" type="RayCast2D" parent="Sensing" index="5"]
enabled = true
cast_to = Vector2( -35, -35 )

[node name="6" type="RayCast2D" parent="Sensing" index="6"]
enabled = true
cast_to = Vector2( -50, 0 )

[node name="7" type="RayCast2D" parent="Sensing" index="7"]
enabled = true
cast_to = Vector2( -35, 35 )

[node name="Zombie" type="Sprite" parent="." index="2"]
material = SubResource( 2 )
rotation = 1.5708
scale = Vector2( 2, 2 )
texture = ExtResource( 2 )

[node name="HitboxArea" type="Area2D" parent="Zombie" index="0"]
monitorable = false

[node name="CollisionShape2D" type="CollisionShape2D" parent="Zombie/HitboxArea" index="0"]
position = Vector2( -0.500038, -10.5 )
shape = SubResource( 3 )

[node name="CollisionShape2D" type="CollisionShape2D" parent="." index="4"]
shape = SubResource( 1 )

[node name="NavigationAgent2D" type="NavigationAgent2D" parent="." index="5"]
avoidance_enabled = true
radius = 15.0
neighbor_dist = 200.0
time_horizon = 40.0
max_speed = 250.0

[node name="NavigationDebugLine" type="Line2D" parent="NavigationAgent2D" index="0"]
visible = false
width = 5.0
default_color = Color( 1, 1, 1, 0.686275 )
